<?xml version="1.0" encoding="UTF-8"?><collection xmlns="http://www.loc.gov/MARC21/slim"><record><leader>00672nam--2200181-i-4500</leader><controlfield tag="001">000035299</controlfield><controlfield tag="002">20161230</controlfield><controlfield tag="005">20161230201040</controlfield><controlfield tag="008">060222s1000------------r-----000-0-eng-d</controlfield><datafield ind1=" " ind2=" " tag="040"><subfield code="a">IFIN-HH</subfield></datafield><datafield ind1=" " ind2=" " tag="080"><subfield code="a">550.4:539.155.2</subfield></datafield><datafield ind1="1" ind2=" " tag="110"><subfield code="a">National Academy Of Sciences</subfield></datafield><datafield ind1="1" ind2="0" tag="245"><subfield code="a">Nuclear processes in geological settings</subfield><subfield code="b">Nuclear science series proceedings of the second conference pensylvania state university september 8-10, 1955</subfield></datafield><datafield ind1=" " ind2=" " tag="260"><subfield code="a">Washington</subfield><subfield code="b">National Academy Of Science</subfield><subfield code="c">1956</subfield></datafield><datafield ind1=" " ind2=" " tag="300"><subfield code="a">VIII+204P</subfield></datafield><datafield ind1=" " ind2=" " tag="490"><subfield code="a">Nuclear Science Series - National Research Council Publication 400</subfield><subfield code="v">Report Number 19</subfield></datafield><datafield ind1=" " ind2=" " tag="852"><subfield code="a">13144</subfield><subfield code="c">539</subfield></datafield><datafield ind1=" " ind2=" " tag="CAT"><subfield code="a">Sys</subfield><subfield code="c">20110926</subfield><subfield code="h">123926</subfield></datafield></record></collection>